Untuk setiap referensi, baris pertama (Newton1687) merupakan label dan baris-baris berikutnya
merupakan atribut dari referensi yang akan digunakan. Umumnya, format referensi berikut sudah
disediakan oleh penyedia sumber referensi secara online dan bisa langsung digunakan di sini.

Lihat https://www.bibtex.com/g/bibtex-format/ untuk informasi lebih lanjut mengenai format
BibTex yang digunakan pada file ini.

@article{Newton1687,
  author={I. {Newton}},
  journal={Philosophi√¶ Naturalis Principia Mathematica},
  title={Axioms or Laws of Motion},
  year={1687}}

@misc{SpaceXBlueprint,
  title={Space X Blueprint},
  year=2021,
  url={https://id.pinterest.com/pin/344032859037191430/},
  urldate={2021-01-26}}

@conference{ZelinShi_mvbgafamm,
  author = {Zelin Shi and Yue Zhang and Chungang Zhuang},
  booktitle = {2021 7th International Conference on Control, Automation and Robotics (ICCAR)},
  title = {Monocular Vision Based Grasping Approach for a Mobile Manipulator},
  year = {2021},
  doi = {10.1109/ICCAR52225.2021.9463428},
  pages = {387--392}
}

@conference{GuoQingda_wpmairgbomv,
  author = {Guo Qingda and Quan Yanming and Zhu Zhengwei},
  booktitle = {2016 Eighth International Conference on Measuring Technology and Mechatronics Automation},
  title = {Workpiece Posture Measurement and Intelligent Robot Grasping Based on Monocular Vision},
  year = {2016},
  doi = {10.1109/ICMTMA.2016.220},
  pages = {919--922}
}

@article{Miftachul_podrded,
  author = {Miftachul Huda and Emiliana Sri Pudjiarti},
  journal = {Transformasi: Journal of Economics and Business Management},
  number = {1},
  title = {PERAN OTOMATISASI DAN ROBOTIKA DALAM ERA DIGITAL: TRANSFORMASI BISNIS MELALUI OTOMATISASI DAN ROBOTIK DALAM ERA DIGITAL},
  volume = {3},
  year = {2024}
}

@article{WenhuaYuan_rotifiraotsocimgvc,
  author = {Wenhua Yuan and Weixiao Lu},
  journal = {PLOS ONE},
  number = {6},
  title = {Research On The Impact Of Industrial Robot Application On The Status Of Countries In Manufacturing Global Value Chains},
  volume = {18},
  year = {2023}
}

@conference{LeiWu_doassfqrbog,
  author = {Peng Xiao and Lei Wu and Jian Meng and Shangwei Yang and Jizhi Liu and Xu Dong and Yuliang Zhao},
  booktitle = {2024 IEEE 4th International Conference on Information Technology, Big Data and Artificial Intelligence (ICIBA 2024)},
  title = {Design of a Simulation System for Quadruped Robot based on Gazebo},
  year = {2024},
  doi = {10.1109/ICIBA62489.2024.10868461},
  pages = {613--616}
}

@conference{QifanZhang_tlihrifamoagdwqr,
  author = {Qifan Zhang and Jiamin Guo and Hui Chai and Guoxuan Zhang and Zhiyuan Yang and Ming Yuan},
  booktitle = {2023 IEEE International Conference on Robotics and Biomimetics (ROBIO)},
  title = {Task-Level Intelligent Human-Robot Interaction for Assisting Multi-objective Autonomous Grasping Decision with Quadruped Robots},
  year = {2023},
  doi = {10.1109/ROBIO58561.2023.10354897}
}

@conference{LiWanyan_spamgpeboyg,
  author = {Li Wanyan and Ruan Guanqiang},
  booktitle = {2023 IEEE International Conference on Control, Electronics and Computer Technology (ICCECT)},
  title = {Scene Prediction and Manipulator Grasp Pose Estimation Based on YOLO-GraspNet},
  year = {2023},
  doi = {10.1109/ICCECT57938.2023.10141255},
  pages = {496--501},
}

@article{AshishMajithia_dmcapoqracr,
  author = {Ashish Majithia and Darshita Shah and Jatin Dave and Ajay Kumar and Sarita Rathee and Namrata Dogra and Vishwanatha H. M. and Dundesh S. Chiniwar and Shivashankarayya Hiremath},
  journal = {Frontiers in Mechanical Engineering},
  title = {Design, Motions, Capabilities, And Applications Of Quadruped Robots: A Comprehensive Review},
  volume = {10},
  year = {2024},
  doi = {https://doi.org/10.3389/fmech.2024.1448681},
  editor = {Kanak Kalita}
}

@misc{img_QuadrupedRobot,
  title={Deep Robotics Lite3},
  year=2025,
  url={https://www.deeprobotics.cn/en/index/product1.html},
  urldate={2025-03-07}
}

@misc{img_ArmRobot,
  title={Wlkata Mirobot F1},
  year=2025,
  url={https://indonesian.alibaba.com/product-detail/6-axis-robot-arm-electrical-and-1600126605450.html},
  urldate={2025-03-07}
}

@article{ZhenXie_lbrgar,
  author = {Zhen Xie and Xinquan Liang and Canale Roberto},
  journal = {Frontiers in Robotics and AI},
  title = {Learning-based Robotic Grasping: A Review},
  volume = {10},
  year = {2023},
  doi = {https://doi.org/10.3389/frobt.2023.1038658},
  editor = {Tetsuya Ogata}
}